@online{TAG,
    author = {AUTHOR},
    title = {REF TITLE},
    year = 2015,
    url = {http://www.url.com/},
    urldate = {\today},
    organization = {ORG},
}

@online{UTF8,
    author = {Wikipedia},
    title = {UTF-8},
    year = 2015,
    url = {https://fr.wikipedia.org/wiki/UTF-8},
    urldate = {30/10/2015},
    organization = {Wikipedia},
}